@article{tt,
    author="Carsten Burstedde",
    title="Simulation of pedestrian dynamics using a two-dimensional cellular automaton",
    journal="Physica A: Statistical Mechanics and its Applications",
    volume="295",
    year=2001,
    pages={507-525}
}
